@misc{So2017,
  author = {Socratica},
  title  = {Abstract Algebra},
  year   = {2017},
  url    = {https://www.youtube.com/playlist?list=PLi01XoE8jYoi3SgnnGorR_XOW3IcK-TP6}
}

@book{Sm2003,
  title={Cryptography: An Introduction},
  author={Smart, Nigel Paul},
  edition={3},
  year={2003},
}

@misc{Bi,
  author = {Binegar, Birne},
  title  = {Lecture 11: Congruence and Congruence Classes},
  url    = {https://math.okstate.edu/people/binegar/3613/3613-l11.pdf}
}
